<collection xmlns="http://www.loc.gov/MARC21/slim">
<record>
  <leader>00714nam0a22001571i 450 </leader>
  <controlfield tag="001">IT\ICCU\CNCE\074548</controlfield>
  <controlfield tag="005">20090915000000.0</controlfield>
  <datafield tag="100" ind1=" " ind2=" ">
    <subfield code="a">20090902d1598        0itac0103    ba</subfield>
  </datafield>
  <datafield tag="101" ind1=" " ind2=" ">
    <subfield code="a">LAT</subfield>
  </datafield>
  <datafield tag="102" ind1=" " ind2=" ">
    <subfield code="a">IT</subfield>
  </datafield>
  <datafield tag="200" ind1="1" ind2=" ">
    <subfield code="a">Trophaeum vitae solitariae. Raphael Sadeler scalpsit. Martin de Vos figur</subfield>
  </datafield>
  <datafield tag="210" ind1=" " ind2=" ">
    <subfield code="a">Venetijs</subfield>
    <subfield code="c">Ioann. et Raphael Sadeleri fratres</subfield>
    <subfield code="d">1598</subfield>
  </datafield>
  <datafield tag="215" ind1=" " ind2=" ">
    <subfield code="a">\1!, 25 c. di tav.</subfield>
    <subfield code="c">ill. calcogr.</subfield>
    <subfield code="d">170 x 207 mm</subfield>
  </datafield>
  <datafield tag="300" ind1=" " ind2=" ">
    <subfield code="a">ANNULLATA !!!  vedi 50319Carte di tav. disegnate da Martinus de Vos e incise 13 da Jan e 12 da Raphael Sadeler, come riportano le sottoscrizioni. -  Riferimenti: Hollstein, 1980, v. XXI, p. 243 e sgg</subfield>
  </datafield>
  <datafield tag="801" ind1=" " ind2="3">
    <subfield code="a">IT</subfield>
    <subfield code="b">ICCU</subfield>
    <subfield code="c">20201115</subfield>
  </datafield>
  <datafield tag="899" ind1=" " ind2=" ">
    <subfield code="a">Biblioteca universitaria. Pisa</subfield>
    <subfield code="1">PI0112</subfield>
    <subfield code="2">PIS R1</subfield>
  </datafield>
</record>
</collection>
